<record><leader>00000cas a2200000 a 4500</leader><controlfield tag="001">30316229</controlfield><controlfield tag="008">940422c19899999iluwn ne      0   a0eng c</controlfield><datafield ind1=" " ind2=" " tag="010"><subfield code="a">sn 96003226 </subfield></datafield><datafield ind1=" " ind2=" " tag="040"><subfield code="a">IEE</subfield><subfield code="b">eng</subfield><subfield code="c">IEE</subfield><subfield code="d">NSD</subfield><subfield code="d">CVF</subfield><subfield code="d">OCLCQ</subfield><subfield code="d">CUS</subfield><subfield code="d">OCLCQ</subfield><subfield code="d">OCLCF</subfield><subfield code="d">NVF</subfield><subfield code="d">OCLCO</subfield></datafield><datafield ind1=" " ind2=" " tag="012"><subfield code="m">1</subfield></datafield><datafield ind1="1" ind2=" " tag="022"><subfield code="a">1087-5336</subfield><subfield code="l">1087-5336</subfield><subfield code="2">1</subfield></datafield><datafield ind1="1" ind2=" " tag="029"><subfield code="a">AU@</subfield><subfield code="b">000012364714</subfield></datafield><datafield ind1=" " ind2=" " tag="032"><subfield code="a">003822</subfield><subfield code="b">USPS</subfield></datafield><datafield ind1=" " ind2=" " tag="037"><subfield code="b">Pioneer Press, 2201 Waukegan Rd., Suite E-175, Bannockburn, IL 60015</subfield><subfield code="c">$11.95</subfield></datafield><datafield ind1=" " ind2=" " tag="042"><subfield code="a">nsdp</subfield><subfield code="a">pcc</subfield></datafield><datafield ind1=" " ind2=" " tag="043"><subfield code="a">n-us-il</subfield></datafield><datafield ind1=" " ind2="0" tag="222"><subfield code="a">Grayslake review</subfield></datafield><datafield ind1="0" ind2="0" tag="245"><subfield code="a">Grayslake review.</subfield></datafield><datafield ind1="1" ind2="3" tag="246"><subfield code="a">Grayslake review, with news of Wildwood and Gages Lake</subfield></datafield><datafield ind1="1" ind2="3" tag="246"><subfield code="a">Review</subfield></datafield><datafield ind1=" " ind2=" " tag="260"><subfield code="a">Mundelein, IL :</subfield><subfield code="b">Pioneer Press,</subfield><subfield code="c">1989-</subfield></datafield><datafield ind1="3" ind2=" " tag="260"><subfield code="3">&lt;1995&gt;-</subfield><subfield code="a">Glenview, Ill. :</subfield><subfield code="b">[s.n.]</subfield></datafield><datafield ind1=" " ind2=" " tag="300"><subfield code="a">v.</subfield></datafield><datafield ind1=" " ind2=" " tag="310"><subfield code="a">Weekly (except semiweekly in Mar., June, Sept.)</subfield></datafield><datafield ind1=" " ind2=" " tag="321"><subfield code="a">Weekly</subfield></datafield><datafield ind1="1" ind2=" " tag="362"><subfield code="a">Vol. 1, no. 1 (Feb. 2, 1989)-</subfield></datafield><datafield ind1=" " ind2="0" tag="651"><subfield code="a">Grayslake (Ill.)</subfield><subfield code="v">Newspapers.</subfield></datafield><datafield ind1=" " ind2="0" tag="651"><subfield code="a">Wildwood (Ill.)</subfield><subfield code="v">Newspapers.</subfield></datafield><datafield ind1=" " ind2="0" tag="651"><subfield code="a">Gages Lake (Ill.)</subfield><subfield code="v">Newspapers.</subfield></datafield><datafield ind1=" " ind2="7" tag="651"><subfield code="a">Illinois</subfield><subfield code="z">Grayslake.</subfield><subfield code="2">fast</subfield><subfield code="0">(OCoLC)fst01232873</subfield></datafield><datafield ind1=" " ind2="7" tag="655"><subfield code="a">Newspapers.</subfield><subfield code="2">fast</subfield><subfield code="0">(OCoLC)fst01423814</subfield></datafield><datafield ind1=" " ind2=" " tag="752"><subfield code="a">United States</subfield><subfield code="b">Illinois</subfield><subfield code="c">Lake</subfield><subfield code="d">Mundelein.</subfield></datafield><datafield ind1=" " ind2=" " tag="752"><subfield code="a">United States</subfield><subfield code="b">Illinois</subfield><subfield code="c">Cook</subfield><subfield code="d">Glenview.</subfield></datafield><datafield ind1="0" ind2="8" tag="776"><subfield code="i">Online version:</subfield><subfield code="t">Grayslake review (Online)</subfield><subfield code="w">(DLC)sn 96003226</subfield><subfield code="w">(OCoLC)233142313</subfield></datafield><datafield ind1="0" ind2="0" tag="780"><subfield code="t">Review</subfield></datafield></record>